<?xml version="1.0" encoding="UTF-8"?><collection xmlns="http://www.loc.gov/MARC21/slim"><record><leader>00423nam--2200133-i-4500</leader><controlfield tag="001">000029250</controlfield><controlfield tag="002">20161230</controlfield><controlfield tag="005">20161230201037</controlfield><controlfield tag="008">060222s1000------------r-----000-0-eng-d</controlfield><datafield ind1=" " ind2=" " tag="080"><subfield code="a">548.7(043):539.122.04(043)</subfield></datafield><datafield ind1=" " ind2=" " tag="100"><subfield code="a">Levy, Roland</subfield></datafield><datafield ind1=" " ind2=" " tag="245"><subfield code="a">Proprietes optiques des cristaux inorganiques irradies par de grandes densites de photons (laser). these</subfield></datafield><datafield ind1=" " ind2=" " tag="260"><subfield code="a">Strasbourg, Univ.Louis Pasteur, 1973, 137p</subfield></datafield><datafield ind1=" " ind2=" " tag="852"><subfield code="a">42161</subfield></datafield></record></collection>